@article{clarke2011,
  title={Minimum-variance portfolio composition},
  author={Clarke, Roger and De Silva, Harindra and Thorley, Steven},
  journal={The Journal of Portfolio Management},
  volume={37},
  number={2},
  pages={31--45},
  year={2011},
  publisher={Institutional Investor Journals Umbrella}
}

@article{demiguel2009,
  title={Optimal versus naive diversification: How inefficient is the 1/N portfolio strategy?},
  author={DeMiguel, Victor and Garlappi, Lorenzo and Uppal, Raman},
  journal={The review of Financial studies},
  volume={22},
  number={5},
  pages={1915--1953},
  year={2009},
  publisher={Oxford University Press}
}

@article{fama1992,
  title={The cross-section of expected stock returns},
  author={Fama, Eugene F and French, Kenneth R},
  journal={the Journal of Finance},
  volume={47},
  number={2},
  pages={427--465},
  year={1992},
  publisher={Wiley Online Library}
}

@article{lopez,
  title={Building diversified portfolios that outperform out of sample},
  author={De Prado, Marcos Lopez},
  journal={The Journal of Portfolio Management},
  volume={42},
  number={4},
  pages={59--69},
  year={2016},
  publisher={Institutional Investor Journals Umbrella}
}

@article{leote,
  title={Demystifying equity risk--based strategies: A simple alpha plus beta description},
  author={De Carvalho, Raul Leote and Lu, Xiao and Moulin, Pierre},
  journal={The Journal of Portfolio Management},
  volume={38},
  number={3},
  pages={56--70},
  year={2012},
  publisher={Institutional Investor Journals Umbrella}
}

@article{lopez2012,
  title={Balanced baskets: a new approach to trading and hedging risks},
  author={Bailey, David H and Lopez De Prado, Marcos},
  journal={Journal of Investment Strategies (Risk Journals)},
  volume={1},
  number={4},
  year={2012}
}

@article{rawl2012,
  title={Demystifying equity risk--based strategies: A simple alpha plus beta description},
  author={De Carvalho, Raul Leote and Lu, Xiao and Moulin, Pierre},
  journal={The Journal of Portfolio Management},
  volume={38},
  number={3},
  pages={56--70},
  year={2012},
  publisher={Institutional Investor Journals Umbrella}
}

@article{markowitz,
  title={Portfolio selection},
  author={Markowitz, H},
  journal={The Journal of Finance},
  pages={77--91},
  volume={7},
  number={1},
  year={1952}
}

@article{maillard2010,
  title={The properties of equally weighted risk contribution portfolios},
  author={Maillard, Roncalli, Teiletche},
  journal={The Journal of Portfolio Management},
  volume={36},
  number={4},
  pages={60--70},
  year={2010},
  publisher={Institutional Investor Journals Umbrella}
}

@article{choueifaty2013,
  title={Properties of the most diversified portfolio},
  author={Choueifaty, Yves and Froidure, Tristan and Reynier, Julien},
  journal={Journal of investment strategies},
  volume={2},
  number={2},
  pages={49--70},
  year={2013}
}


@article{grinold2000,
  title={Active portfolio management},
  author={Grinold, Richard C and Kahn, Ronald N},
  year={2000},
  publisher={McGraw Hill New York, NY}
}


  @Manual{Texevier,
    title = {{Texevier}: {P}ackage to create Elsevier templates for Rmarkdown},
    author = {N.F. Katzke},
    organization = {Bureau for Economic Research},
    address = {Stellenbosch, South Africa},
    note = {version 0.1.2},
    year = {2017},
  }
